@Misc{www-tableau,
  author       = {{TABLEAU}},
  title        = {Tableau Desktop},
  note         = {Online; accessed 03-Apr-2017},
  url          = {https://www.tableau.com/products/desktop},
}
